<?xml version="1.0" encoding="UTF-8"?><collection xmlns="http://www.loc.gov/MARC21/slim"><record><leader>00570nam--2200181-i-4500</leader><controlfield tag="001">000019658</controlfield><controlfield tag="002">20161230</controlfield><controlfield tag="005">20161230201033</controlfield><controlfield tag="008">060222s1000------------r-----000-0-fre-d</controlfield><datafield ind1=" " ind2=" " tag="040"><subfield code="a">IFIN-HH</subfield></datafield><datafield ind1=" " ind2=" " tag="041"><subfield code="a">fre</subfield></datafield><datafield ind1=" " ind2=" " tag="080"><subfield code="a">539.124:539.122</subfield></datafield><datafield ind1="1" ind2=" " tag="110"><subfield code="a">Institut International De Physique Solvay</subfield></datafield><datafield ind1="1" ind2="0" tag="245"><subfield code="a">Electrons et photons. rapports et discussions du cinquieme conseil de physique tenu a bruxelles du 24 au 29 octobre 1927</subfield></datafield><datafield ind1=" " ind2=" " tag="260"><subfield code="a">Paris</subfield><subfield code="b">Gauthier-vllars Et C-ie, Editeurs</subfield><subfield code="c">1928</subfield></datafield><datafield ind1=" " ind2=" " tag="300"><subfield code="a">289 P</subfield></datafield><datafield ind1=" " ind2=" " tag="852"><subfield code="a">44569</subfield><subfield code="c">H.H</subfield></datafield><datafield ind1=" " ind2=" " tag="CAT"><subfield code="a">Sys</subfield><subfield code="c">20130411</subfield><subfield code="h">171720</subfield></datafield></record></collection>